<marc:record xmlns:marc="http://www.loc.gov/MARC21/slim" xmlns:xsi="http://www.w3.org/2001/XMLSchema-instance" xsi:schemaLocation="http://www.loc.gov/MARC21/slim http://www.loc.gov/standards/marcxml/schema/MARC21slim.xsd">
  <marc:leader>     nam a2200265 a 4500</marc:leader>
  <marc:controlfield tag="001">001937037</marc:controlfield>
  <marc:controlfield tag="003">NNU</marc:controlfield>
  <marc:controlfield tag="005">19940713181853.0</marc:controlfield>
  <marc:controlfield tag="008">910619m19861988ir       b    000 0 ara d</marc:controlfield>
  <marc:datafield tag="035" ind1="9" ind2=" ">
    <marc:subfield code="a">NYUb10881383</marc:subfield>
  </marc:datafield>
  <marc:datafield tag="035" ind1=" " ind2=" ">
    <marc:subfield code="a">(CStRLIN)NYUG91-B37971</marc:subfield>
  </marc:datafield>
  <marc:datafield tag="035" ind1=" " ind2=" ">
    <marc:subfield code="a">GLIS008813835</marc:subfield>
  </marc:datafield>
  <marc:datafield tag="040" ind1=" " ind2=" ">
    <marc:subfield code="a">NjP</marc:subfield>
    <marc:subfield code="c">NjP</marc:subfield>
    <marc:subfield code="d">NNU</marc:subfield>
  </marc:datafield>
  <marc:datafield tag="090" ind1=" " ind2=" ">
    <marc:subfield code="i">06/19/91 CT</marc:subfield>
  </marc:datafield>
  <marc:datafield tag="100" ind1="1" ind2=" ">
    <marc:subfield code="a">Miṣbāḥ Yazdī, Muḥammad Taqī.</marc:subfield>
  </marc:datafield>
  <marc:datafield tag="240" ind1="1" ind2="0">
    <marc:subfield code="a">Āmūzish-i falsafah.</marc:subfield>
    <marc:subfield code="l">Arabic</marc:subfield>
  </marc:datafield>
  <marc:datafield tag="245" ind1="1" ind2="3">
    <marc:subfield code="a">al-Manhaj al-jadīd fī taʻlīm al-falsafah /</marc:subfield>
    <marc:subfield code="c">taʼlīf Muḥammad Taqī Miṣbāḥ al-Yazdī ; tarjamat Muḥammad ʻAbd al-Munʻim al-Khāqānī.</marc:subfield>
  </marc:datafield>
  <marc:datafield tag="260" ind1=" " ind2=" ">
    <marc:subfield code="a">Qum :</marc:subfield>
    <marc:subfield code="b">Muʼassasat al-Nashr al-Islāmī al-Ṭābiʻah li-Jamāʻat al-Mudarrisīn,</marc:subfield>
    <marc:subfield code="c">1407-1409 [1986-1988 or 89]</marc:subfield>
  </marc:datafield>
  <marc:datafield tag="300" ind1=" " ind2=" ">
    <marc:subfield code="a">2 v. ;</marc:subfield>
    <marc:subfield code="c">25 cm.</marc:subfield>
  </marc:datafield>
  <marc:datafield tag="500" ind1=" " ind2=" ">
    <marc:subfield code="a">"415."</marc:subfield>
  </marc:datafield>
  <marc:datafield tag="504" ind1=" " ind2=" ">
    <marc:subfield code="a">Includes bibliographical references.</marc:subfield>
  </marc:datafield>
  <marc:datafield tag="650" ind1=" " ind2="0">
    <marc:subfield code="a">Philosophy, Islamic.</marc:subfield>
  </marc:datafield>
  <marc:datafield tag="950" ind1=" " ind2=" ">
    <marc:subfield code="l">BMAIN</marc:subfield>
    <marc:subfield code="a">B741</marc:subfield>
    <marc:subfield code="b">.M69 1986</marc:subfield>
    <marc:subfield code="n">455:sl\Unanalyzed\</marc:subfield>
    <marc:subfield code="i">06/19/91 C</marc:subfield>
  </marc:datafield>
  <marc:datafield tag="955" ind1=" " ind2=" ">
    <marc:subfield code="l">BMAIN</marc:subfield>
    <marc:subfield code="c">1:v.2</marc:subfield>
    <marc:subfield code="r">015365631</marc:subfield>
    <marc:subfield code="i">06/19/91 C</marc:subfield>
  </marc:datafield>
  <marc:datafield tag="955" ind1=" " ind2=" ">
    <marc:subfield code="l">BMAIN</marc:subfield>
    <marc:subfield code="c">1:v.1</marc:subfield>
    <marc:subfield code="r">015365516</marc:subfield>
    <marc:subfield code="i">06/19/91 C</marc:subfield>
  </marc:datafield>
  <marc:datafield tag="998" ind1=" " ind2=" ">
    <marc:subfield code="a">06/19/91</marc:subfield>
    <marc:subfield code="t">c</marc:subfield>
    <marc:subfield code="s">9118</marc:subfield>
    <marc:subfield code="n">NNU</marc:subfield>
    <marc:subfield code="w">NJPG88B19922</marc:subfield>
    <marc:subfield code="d">06/19/91</marc:subfield>
    <marc:subfield code="c">MG</marc:subfield>
    <marc:subfield code="b">MG</marc:subfield>
    <marc:subfield code="i">910619</marc:subfield>
    <marc:subfield code="l">NYUG</marc:subfield>
  </marc:datafield>
</marc:record>
